<record xmlns="http://www.loc.gov/MARC21/slim" xmlns:xsi="http://www.w3.org/2001/XMLSchema-instance" xsi:schemaLocation="http://www.loc.gov/MARC21/slim http://www.loc.gov/standards/marcxml/schema/MARC21slim.xsd"><leader>     nam a22        4500</leader><controlfield tag="001">3080204</controlfield><controlfield tag="003">NNC</controlfield><controlfield tag="006">m        d        </controlfield><controlfield tag="007">cr cn |||m|||a</controlfield><controlfield tag="008">150313s1944    ua      o     000 0 ara d</controlfield><datafield ind1=" " ind2=" " tag="040"><subfield code="a">NNU</subfield><subfield code="b">eng</subfield><subfield code="e">rda</subfield><subfield code="c">NNU</subfield></datafield><datafield ind1="1" ind2=" " tag="100"><subfield code="a">Shawa&#772;ribi&#772;, Ibra&#772;hi&#772;m Ami&#772;n.</subfield></datafield><datafield ind1="1" ind2="0" tag="245"><subfield code="a">Mas&#803;a&#772;dir Fa&#772;risi&#772;yah fi&#772; al-ta&#772;ri&#772;kh al-Isla&#772;mi&#772;,</subfield><subfield code="c">biqalam Ibra&#772;hi&#772;m Ami&#772;n al-Shawa&#772;ribi&#772;.</subfield></datafield><datafield ind1=" " ind2=" " tag="260"><subfield code="a">Mis&#803;r,</subfield><subfield code="b">Mat&#803;ba&#699;at al-I&#699;tima&#772;d</subfield><subfield code="c">[1944]</subfield></datafield><datafield ind1=" " ind2=" " tag="300"><subfield code="a">online resource (36 pages)</subfield></datafield><datafield ind1=" " ind2=" " tag="336"><subfield code="a">text</subfield><subfield code="2">rdacontent</subfield></datafield><datafield ind1=" " ind2=" " tag="337"><subfield code="a">computer</subfield><subfield code="2">rdamedia</subfield></datafield><datafield ind1=" " ind2=" " tag="338"><subfield code="a">online resource</subfield><subfield code="2">rdacarrier</subfield></datafield><datafield ind1=" " ind2=" " tag="500"><subfield code="a">"Bah&#803;th mustakhraj min Majallat Kulli&#772;yat al-A&#772;da&#772;b bi-Ja&#772;mi&#699;at Fu&#700;a&#772;d al-Awwal, al-mujallad al-7., sanat 1944."</subfield></datafield><datafield ind1=" " ind2=" " tag="500"><subfield code="a">Part of the Arabic Collections Online (ACO) project, contributed by Columbia University Libraries.</subfield></datafield><datafield ind1=" " ind2=" " tag="533"><subfield code="a">Electronic reproduction.</subfield><subfield code="b">New York, N.Y. :</subfield><subfield code="c">New York University,</subfield><subfield code="d">2015.</subfield><subfield code="5">NNU</subfield></datafield><datafield ind1="2" ind2=" " tag="710"><subfield code="a">Columbia University.</subfield><subfield code="b">Libraries.</subfield></datafield><datafield ind1="0" ind2=" " tag="730"><subfield code="a">Arabic Collections Online.</subfield></datafield><datafield ind1="0" ind2="8" tag="776"><subfield code="i">Print version:</subfield><subfield code="a">Shawa&#772;ribi&#772;, Ibra&#772;hi&#772;m Ami&#772;n.</subfield><subfield code="t">Mas&#803;a&#772;dir Fa&#772;risi&#772;yah fi&#772; al-ta&#772;ri&#772;kh al-Isla&#772;mi&#772;</subfield><subfield code="w">(NNC)3080204</subfield><subfield code="w">(OCoLC)47918820</subfield></datafield><datafield ind1="4" ind2="0" tag="856"><subfield code="u">http://hdl.handle.net/2333.1/6wwpzk0s</subfield></datafield><datafield ind1=" " ind2=" " tag="959"><subfield code="a">NNU</subfield><subfield code="b">WEB</subfield><subfield code="c">GENI</subfield><subfield code="t">0</subfield><subfield code="m">Electronic access</subfield><subfield code="s">01</subfield></datafield><datafield ind1=" " ind2=" " tag="999"><subfield code="i">NNC_3080204</subfield><subfield code="o">(OCoLC)ocm47918820 </subfield><subfield code="s">columbia_aco000501</subfield><subfield code="e">(ERROR-880)</subfield></datafield></record>